3906 4788
441 340 521 390 sivit
547 343 593 388 DE
618 342 862 388 nnsotvutorts
891 323 1151 400 AEQ'vtuTiotiiM
1176 343 1405 396 transsaltus
1679 337 1750 405 271

236 492 423 578 Quanquam
438 449 515 555 liaec
529 465 662 554 solutio
664 511 719 572 per
734 489 967 554 inudlutibnem
990 487 1163 582 dependeris
1186 489 1249 554 elie
1267 491 1429 566 videatur,
1468 492 1584 575 quippe
1605 488 1643 552 ad
1667 486 1750 553 suin·

104 615 106 618 ·
137 613 203 660 inas
220 598 445 677 praecedentes
464 591 686 662 recurrendum
703 591 761 666 est:
786 594 894 680 eadem
921 603 1024 656 tamen
1050 593 1268 678 indepeuieiiti
1290 588 1342 681 (x)
1365 594 1496 658 omuino
1517 594 1748 680 aequiparatur,

135 699 285 783 quoniam
296 687 533 780 complexiones
549 695 702 779 quaesitae
719 714 777 778 pro
793 699 906 780 queuis
922 693 1062 758 lumma'
1055 707 1096 758 ita
1111 697 1308 773 obtinentur,
1333 705 1366 760 vt
1386 694 1466 758 nihil
1481 689 1632 776 superflui
1646 689 1683 754 sit
1697 691 1749 752 ad·

30 851 37 863 ,
133 801 287 874 mixtum,
313 793 476 863 ienihil
493 797 665 871 scribatur,
693 797 779 884 quod
798 799 970 861 mediatum
987 797 1141 860 duntaxat
1158 817 1194 862 ac
1209 799 1476 882 praeparatorium
1500 795 1588 860 vsuin
1607 793 1749 868 heberet

133 920 192 965 nec
208 903 271 968 ad.
262 921 327 962 eni
345 899 440 983 ipsam
455 898 630 982 quaesitam
636 900 779 982 proxime
785 907 888 984 'etque
901 897 1106 964 essentialiter
1117 901 1332 1010 pertineret.
1351 899 1386 963 In
1401 921 1464 984 quo
1484 896 1620 963 consistit
1644 897 1750 961 virtus

14 1087 20 1096 .
133 1001 302 1088 singularis
318 1017 354 1066 ac
378 1005 503 1086 propria
518 1002 819 1068 inuolutioiiumm

231 1165 276 1255 7)
301 1170 442 1234 Modus
433 1192 464 1232 in
481 1168 574 1235 solut'
551 1180 638 1234 tione
654 1171 833 1250 primum)
849 1167 1020 1252 expolitus,
1033 1170 1218 1237 inueniendi
1233 1170 1471 1255 complexiones
1487 1167 1624 1235 summae
1639 1165 1750 1229 cnius-

132 1289 228 1356 quam
243 1293 280 1346 n,
303 1275 341 1336 ab
363 1293 585 1338 uiuosusv
597 1290 702 1336 ιιιιιο
727 1273 837 1336 itidem
851 1273 1026 1354 adpellatur
1037 1271 1205 1351 inuoluite,
1233 1283 1266 1336 et
1283 1275 1411 1356 quidem
1427 1273 1584 1337 inundatio
1600 1267 1748 1354 cuffiam,

127 1373 381 1457 fiuesecandum
399 1372 508 1461 claffes
528 1371 681 1456 disposita.
736 1375 829 1473 Ratiq
855 1373 953 1438 liuius
979 1366 1246 1440 denominationis
1271 1397 1310 1438 ex
1334 1367 1554 1440 obteruttione
1576 1372 1665 1456 supra
1692 1365 1751 1449 (A.

132 1499 167 1560 4
173 1471 443 1564 )commemorata
459 1489 604 1562 apparet·
629 1475 747 1560 quippe
765 1497 877 1542 reuera
896 1475 1133 1558 complexiones
1157 1477 1294 1542 summae
1316 1499 1336 1542 n
1355 1475 1526 1543 inuoluunt
1551 1473 1640 1537 simul
1665 1485 1752 1532 com·

132 1579 301 1662 plexiones
320 1576 508 1641 summarum
529 1576 673 1640 omniurn
697 1579 868 1642 minorum.
921 1581 1002 1644 Cum
1027 1595 1103 1642 vero
1131 1580 1406 1665 complexionibus
1431 1579 1620 1642 summarum
1640 1569 1753 1634 huius·

134 1682 222 1745 modi
235 1681 394 1744 minorum
409 1700 466 1764 per
479 1679 580 1743 lineas
594 1677 756 1742 verticales
775 1679 920 1764 separatis
932 1681 1087 1744 admixtae
1101 1679 1355 1769 fintsuperfluae
1371 1680 1436 1746 fiue
1459 1678 1589 1745 inutiles
1615 1671 1736 1759 (eae
1705 1691 1753 1733 ni·

5 1795 7 1802 '
96 1809 99 1818 ·
131 1784 251 1847 mirum
270 1802 402 1856 omnes,
426 1803 536 1866 quaea
554 1780 670 1846 sinistra
684 1801 747 1843 non
766 1779 926 1866 praecedit
939 1782 1134 1846 elementum
1153 1787 1208 1864 1):
1233 1803 1307 1848 cum
1329 1803 1425 1869 porro
1451 1783 1488 1846 ad
1512 1778 1752 1864 complexiones

132 1883 324 1950 summarum
342 1884 496 1947 maiorum
515 1903 578 1946 non
594 1881 636 1948 sic
653 1887 804 1966 progredi
820 1884 932 1958 liceat,
955 1895 988 1948 vt
1002 1903 1041 1946 ex
1056 1883 1129 1968 lege
1143 1886 1304 1951 constante
1318 1905 1422 1950 nouos
1442 1870 1771 1948 mutum‘terminos'
1793 1943 1799 1956 ,
1843 1895 1849 1904 ·

132 1986 291 2073 adiicere„
308 1987 360 2050 vel
375 1985 610 2050 inuolutiouem
625 1976 790 2053 extendere
805 2005 885 2070 opus
901 1983 965 2062 tit;
990 2005 1070 2069 quae
1087 1987 1213 2070 inquam
1232 2008 1305 2072 cum
1325 1989 1369 2053 ita
1382 1986 1459 2063 lint,
1485 1973 1679 2068 dispositioni
1706 1976 1752 2040 se-

131 2091 273 2155 cundnm
287 2087 394 2153 classes
410 2086 720 2154 torma'inuotutoria
735 2087 866 2152 adscribi
880 2090 991 2171 nequit
1010 2087 1097 2169 seusu
1114 2107 1154 2170 ςο
1170 2089 1340 2167 strietiori,
1368 2111 1432 2175 quo
1454 2084 1612 2170 dispositio
1627 2083 1754 2157 ¹lexico·

130 2191 282 2276 graphica
298 2201 429 2278 vocatur
446 2190 611 2256 inuolutio
624 2190 692 2272 (ό).
747 2190 854 2268 Quare
867 2189 921 2254 illa
932 2188 1091 2274 dispositio
1106 2188 1249 2277 hqbenda
1268 2192 1377 2256 saltem
1392 2193 1518 2257 videtur
1541 2209 1599 2273 pro
1623 2183 1754 2252 inuolu-

131 2295 221 2386 tique
235 2289 419 2380 imperstffli
436 2286 514 2381 (y).-
1621 2383 1661 2476 8)
1677 2389 1709 2466 Q

125 2422 128 2428 .
272 2427 274 2432 ,
1711 2405 1753 2452 uo

5 2547 7 2602 ἶ
61 2537 63 2539 ¹
130 2571 154 2612 .“
198 2557 250 2634 (ιι)
272 2563 413 2620 Formulae
434 2565 601 2634 dependentes
624 2562 677 2618 siue
698 2575 860 2619 recurrentes
881 2562 914 2618 ab
936 2563 1160 2632 independmtibiis
1182 2573 1216 2618 e'o
1239 2565 1379 2630 disserunt,
1401 2563 1472 2636 qued
1493 2547 1555 2618 illue
1575 2561 1751 2632 quantitatem

167 2653 188 2688 Α
258 2645 418 2718 quaestam
440 2663 507 2716 quae
523 2662 572 2698 ceu
587 2649 714 2700 terminus
735 2649 808 2700 seriei
824 2648 934 2698 alicuius
948 2645 1141 2712 coiisderatur
1163 2663 1212 2716 per
1225 2645 1303 2700 buius
1320 2649 1396 2721 seiiei
1417 2651 1543 2702 terminos
1560 2641 1748 2697 antecedentes

261 2733 426 2798 exprimant:
449 2727 655 2798 indepenilentes
678 2737 770 2781 contra
789 2727 901 2780 eandem
925 2727 1077 2779 immediate
1094 2729 1255 2790 exhibeant,
1279 2745 1388 2798 querum
1409 2731 1488 2795 igitur
1508 2727 1682 2779 sorrrularum
1704 2732 1751 2772 aii·

261 2813 327 2864 xiiio
343 2815 462 2881 quemuis
477 2811 551 2863 seriei
570 2812 709 2862 terminum
726 2809 829 2863 seorsim
846 2818 924 2862 extra
938 2809 1056 2862 ordinem
1072 2809 1199 2878 allignare
1208 2812 1291 2873 licet,
1313 2828 1373 2863 cuni
1397 2815 1424 2863 in
1442 2810 1563 2863 sormulii
1581 2809 1689 2860 alterius
1704 2819 1751 2870 ge·

261 2896 333 2946 neris
349 2895 452 2946 recursu
466 2891 498 2944 ad
515 2894 642 2945 terminos
656 2895 758 2961 priores
773 2905 870 2960 opusi
854 2889 870 2942 s
874 2901 899 2952 t
921 2901 949 2943 et
965 2889 982 2942 s
984 2877 1070 2956 siguli
1075 2893 1180 2946 termini
1199 2892 1338 2946 successise
1363 2902 1481 2952 tautum,
1497 2893 1550 2944 suo
1570 2892 1658 2960 quiuis
1679 2887 1750 2970 ordi·

193 2973 205 2992 “
259 2989 310 3036 rie,
332 2973 475 3042 prodeant,
501 2973 517 3026 s
510 2991 534 3026 c
558 2973 680 3041 quidem,
687 2985 729 3026 .vt
752 2973 816 3046 dum
839 2976 976 3043 quaeritur
998 2982 1086 3025 certus
1106 2977 1250 3036 terminus,
1273 2973 1415 3028 deliniendi
1440 2977 1549 3042 priusi
1534 2971 1549 3024 s
1552 2982 1581 3024 nt
1601 2973 1662 3030 alii,
1684 2958 1750 3038 qu'ox

258 3056 328 3124 ipsos
343 3055 412 3107 nolle
425 3055 494 3107 sorte
507 3071 577 3116 nou
599 3055 690 3108 saltem
705 3071 775 3108 nunc
787 3071 858 3116 ιιοιι
880 3053 992 3107 interest.
1036 3053 1117 3106 Hoc
1110 3057 1188 3120 igitur
1203 3056 1280 3108 sensu
1290 3067 1316 3108 et
1328 3055 1441 3122 respettu
1455 3053 1585 3108 formulae
1600 3050 1750 3119 dependen

262 3148 302 3190 tes
317 3138 359 3190 seu
373 3145 535 3189 recurrentes
550 3151 603 3188 ιιοιι
618 3136 785 3195 immediate,
808 3135 850 3188 sed
868 3149 915 3200 per
928 3135 1053 3201 ambages
1073 3146 1152 3203 atque
1165 3141 1334 3205 operationes
1350 3135 1494 3204 superfluas
1505 3135 1548 3186 ad
1557 3133 1636 3186 linem
1654 3129 1750 3199 pertn-
1845 3173 1846 3176 ι

154 3255 159 3264 ·
260 3231 339 3273 cunt.
362 3219 423 3271 illae
443 3227 531 3270 autem
552 3216 697 3281 formulae,
719 3231 789 3288 quae
809 3218 848 3270 nil
871 3215 1008 3285 superflui
1017 3217 1165 3272 admixtum
1186 3217 1303 3281 habent,'
1319 3218 1361 3272 rel
1383 3217 1591 3290 indepeiideiites
1612 3215 1685 3278 sunt,
1706 3211 1749 3266 rel

217 3300 305 3354 liis
314 3300 501 3370 aequipollent.

198 3388 248 3465 (y)
268 3389 451 3444 Inuoluiioiies
463 3387 607 3444 secundum
623 3385 713 3442 classes
726 3387 778 3442 esse
790 3383 970 3457 inpeiy'atias,
992 3385 1019 3440 id
1031 3390 1133 3442 monuit
1147 3390 1229 3444 etiarn
1244 3391 1336 3445 censor
1349 3391 1409 3448 libii
1430 3393 1463 3446 de
1476 3393 1629 3447 theoremate
1638 3389 1749 3459 piique·

258 3477 352 3528 niiali'
346 3490 372 3528 iti
385 3469 609 3541 premeridibus
624 3473 748 3525 literarils
763 3467 912 3522 senensibus
926 3461 1100 3536 (Aligemei'ne
1120 3471 1403 3543 Lim-arur-leinmg,
1427 3482 1504 3540 1796.
1532 3472 1578 3528 Νι.
1593 3467 1685 3535 tut),
1707 3475 1749 3524 vir

262 3555 378 3628 prosette
404 3556 548 3622 rinalyleos
568 3553 775 3608 combinatorlae
797 3549 928 3618 insigniter
951 3555 1061 3617 peritus,
1111 3553 1209 3608 Verum
1229 3557 1262 3608 de
1284 3566 1457 3624 argumento.
1481 3555 1550 3626 quod
1573 3555 1618 3610 ille
1638 3553 1747 3622 prosert,

259 3639 381 3708 equidem
398 3637 486 3706 paullo
501 3637 579 3690 aliter
593 3635 685 3688 sentio:
726 3635 832 3688 Etenim
847 3633 938 3702 anguli
951 3631 1166 3700 (irinteiiaten)
1180 3638 1212 3688 ad
1230 3639 1435 3691 constituendam
1450 3654 1480 3692 ac
1495 3638 1679 3692 ostendendam
1695 3636 1749 3690 sor·

260 3735 331 3774 mam
346 3723 531 3774 inuolutoriam
547 3716 618 3773 haud
631 3716 773 3769 irecellaiio
790 3721 886 3784 requiri
900 3715 1029 3768 videntur.
1073 3717 1103 3770 lii
1123 3721 1155 3773 iis
1175 3719 1281 3787 quidem
1305 3719 1526 3789 dispositoribus.
1549 3737 1614 3791 quas
1634 3721 1747 3772 siinden·
1804 3755 1807 3760 ·

220 3851 221 3856 ,
263 3803 371 3868 turgius
384 3799 594 3876 inuolutionibus¹
605 3797 789 3868 persedildmis
802 3798 957 3849 adnumerat
971 3796 1075 3868 (Poiqn.
1090 3801 1178 3866 Leirfi
1194 3817 1217 3868 p.
1235 3815 1292 3855 ποι.
1307 3815 1364 3866 204.
1387 3801 1421 3860 cs.
1443 3805 1511 3858 inira
1525 3797 1546 3874 §
1562 3801 1622 3858 XX.
1639 3797 1746 3867 xlii),

193 3879 194 3882 ’
268 3885 446 3937 tnuoiuiiones
460 3882 599 3936 interiores
615 3881 782 3950 separantur,
805 3881 924 3933 ducendo
939 3887 1039 3932 tartum
1056 3883 1140 3936 lineas
1161 3882 1348 3936 lioiizoutales.
1391 3883 1564 3940 innotationis
1582 3881 1747 3951 impertitae

262 3965 414 4034 exemplum
433 3965 505 4018 aliud
521 3965 647 4033 deinceps
661 3973 790 4018 occurret
835 3963 958 4034 Ceterum
973 3977 1032 4014 cuni
1045 3967 1092 4018 rix
1109 3966 1217 4018 modum
1240 3975 1330 4034 aptum
1353 3974 1493 4038 concipere
1514 3971 1609 4027 liceat,
1630 3964 1748 4034 comple-

263 4050 358 4101 xiones
373 4061 467 4098 omnes
488 4048 602 4098 summae
616 4049 770 4116 cuiusquam
789 4020 953 4106 exhibendi,
976 4049 1019 4114 qui
1032 4063 1086 4100 uon
1106 4048 1222 4100 ostendat
1243 4047 1315 4101 simul
1330 4051 1370 4103 rel
1395 4051 1528 4112 inuoluat,
1550 4055 1679 4114 exparte
1699 4045 1747 4118 sal·

252 4140 335 4190 tem.
357 4115 557 4196 complexiones
569 4129 728 4182 summarum
751 4131 901 4182 minorum.
923 4126 991 4181 baud
1014 4135 1187 4197 incongruum
1208 4129 1329 4192 videtur,
1352 4133 1496 4192 uocabulo,
1518 4139 1623 4199 praeter
1646 4113 1747 4181 senium

261 4202 427 4270 ditatorem.
450 4211 571 4263 latiorem
589 4211 669 4262 etiam
684 4211 845 4271 concedere,
863 4209 1015 4280 sequidem
1032 4223 1060 4264 rt
1076 4211 1200 4266 Inachiis
1216 4213 1329 4266 summae
1346 4215 1443 4280 usensis
1457 4215 1547 4266 butiri
1569 4213 1676 4265 denotet
1688 4212 1746 4280 Ag·

261 4307 399 4362 gregatim
412 4295 523 4346 omniurn
535 4291 733 4361 conplexionem
745 4296 796 4344 rite
812 4295 989 4346 ordinatarum
1004 4294 1079 4348 haias
1087 4298 1211 4360 saxonae,
1232 4311 1387 4364 quocunque
1402 4297 1505 4347 denium
1520 4296 1600 4348 modo
1613 4309 1660 4346 eae
1674 4301 1747 4345 coin·

262 4375 402 4446 plexionee
414 4373 464 4432 snt
477 4371 622 4450 dispositae.
664 4371 833 4430 disolationis
847 4385 940 4480 eontra
952 4376 1027 4444 sense
1041 4381 1165 4442 strictiori
1188 4377 1286 4452 duplex
1306 4383 1425 4435 maxime
1445 4381 1527 4434 vintru
1546 4381 1597 4433 eit:
1629 4371 1659 4440 i)
1671 4373 1747 4512 qiiqd

1650 4473 1748 4510 exitu
